<record><leader>00000cas a22000007a 4500</leader><controlfield tag="001">22196473</controlfield><controlfield tag="008">900808d19101917couwr ne      0    0eng d</controlfield><datafield ind1=" " ind2=" " tag="010"><subfield code="a">sn 90051530 </subfield></datafield><datafield ind1=" " ind2=" " tag="040"><subfield code="a">CNQ</subfield><subfield code="b">eng</subfield><subfield code="c">CNQ</subfield><subfield code="d">OCLCQ</subfield></datafield><datafield ind1=" " ind2=" " tag="042"><subfield code="a">msc</subfield></datafield><datafield ind1="0" ind2="0" tag="245"><subfield code="a">Weekly Ignacio chieftain.</subfield></datafield><datafield ind1=" " ind2=" " tag="260"><subfield code="a">Ignacio, La Plata County, Colo. :</subfield><subfield code="b">[The Ignacio Print. Co.]</subfield></datafield><datafield ind1=" " ind2=" " tag="300"><subfield code="a">v.</subfield></datafield><datafield ind1=" " ind2=" " tag="310"><subfield code="a">Weekly</subfield></datafield><datafield ind1="0" ind2=" " tag="362"><subfield code="a">Vol. 1, no. 1 (July 21, 1910)-v.8, no. 13 (Oct. 5, 1917).</subfield></datafield><datafield ind1=" " ind2=" " tag="530"><subfield code="a">Available on microfilm from the Colorado Historical Society.</subfield></datafield><datafield ind1=" " ind2=" " tag="752"><subfield code="a">United States</subfield><subfield code="b">Colorado</subfield><subfield code="c">La Plata</subfield><subfield code="d">Ignacio.</subfield></datafield><datafield ind1="0" ind2="0" tag="785"><subfield code="t">Ignacio chieftain (Ignacio, Colo. : 1917)</subfield><subfield code="w">(DLC)sn 90051528</subfield></datafield></record>